@MISC {1,
    TITLE = {Show that $\{f_n\}$ has a uniformly convergent subsequence.},
    AUTHOR = {Hayk (\url{https://math.stackexchange.com/users/558859/hayk})},
    HOWPUBLISHED = {Mathematics Stack Exchange},
    NOTE = {\url{https://math.stackexchange.com/q/2855807} (version: 2018-07-18)},
    EPRINT = {https://math.stackexchange.com/q/2855807},
    URL = {https://math.stackexchange.com/q/2855807}
}

@MISC {2,
    TITLE = {Torus as zero of a polynomial.},
    AUTHOR = {Beniamin Bogosel (\url{https://mathproblems123.wordpress.com/})},
    HOWPUBLISHED = {},
    NOTE = {\url{https://mathproblems123.wordpress.com/2012/03/14/torus-as-zero-of-a-polynomial/} (version: 2012-03-04)},
    EPRINT = {\url{https://mathproblems123.wordpress.com/2012/03/14/torus-as-zero-of-a-polynomial/}},
    URL = {\url{https://mathproblems123.wordpress.com/2012/03/14/torus-as-zero-of-a-polynomial/}}
}